<?xml version="1.0" encoding="UTF-8" ?><marc:collection xmlns:marc="http://www.loc.gov/MARC21/slim" xmlns:xsi="http://www.w3.org/2001/XMLSchema-instance" xsi:schemaLocation="http://www.loc.gov/MARC21/slim http://www.loc.gov/standards/marcxml/schema/MARC21slim.xsd"><marc:record><marc:leader>01034nam a22002413a 4500</marc:leader><marc:controlfield tag="001">ddf4gr9</marc:controlfield><marc:controlfield tag="003">MnSpTMCL</marc:controlfield><marc:controlfield tag="005">20210402235548.0</marc:controlfield><marc:controlfield tag="006">m     o  d |      </marc:controlfield><marc:controlfield tag="007">tz</marc:controlfield><marc:controlfield tag="007">cr unu||||||||</marc:controlfield><marc:controlfield tag="008">210402s2013||||||||||||o|||||||||||eng|d</marc:controlfield><marc:datafield tag="020" ind1=" " ind2=" "><marc:subfield code="a">9780805097115</marc:subfield></marc:datafield><marc:datafield tag="037" ind1=" " ind2=" "><marc:subfield code="a">ehasb89</marc:subfield><marc:subfield code="b">cloudLibrary</marc:subfield><marc:subfield code="n">https://yourcloudlibrary.com</marc:subfield></marc:datafield><marc:datafield tag="040" ind1=" " ind2=" "><marc:subfield code="a">MnSpTMCL</marc:subfield><marc:subfield code="b">eng</marc:subfield><marc:subfield code="c">MnSpTMCL</marc:subfield></marc:datafield><marc:datafield tag="072" ind1=" " ind2="7"><marc:subfield code="a">YAF000000/YAF017000/</marc:subfield><marc:subfield code="2">bisacsh</marc:subfield></marc:datafield><marc:datafield tag="650" ind1=" " ind2="7"><marc:subfield code="a">YOUNG ADULT FICTION|Fairy Tales &amp; Folklore|</marc:subfield><marc:subfield code="2">bisacsh</marc:subfield></marc:datafield><marc:datafield tag="072" ind1=" " ind2="7"><marc:subfield code="a">YAF000000/YAF019000/</marc:subfield><marc:subfield code="2">bisacsh</marc:subfield></marc:datafield><marc:datafield tag="650" ind1=" " ind2="7"><marc:subfield code="a">YOUNG ADULT FICTION|Fantasy|</marc:subfield><marc:subfield code="2">bisacsh</marc:subfield></marc:datafield><marc:datafield tag="100" ind1="1" ind2=" "><marc:subfield code="a">Bardugo, Leigh.</marc:subfield><marc:subfield code="4">aut</marc:subfield></marc:datafield><marc:datafield tag="245" ind1="1" ind2="0"><marc:subfield code="a">Siege and Storm</marc:subfield><marc:subfield code="h">[electronic resource] :</marc:subfield><marc:subfield code="c">Bardugo, Leigh.</marc:subfield></marc:datafield><marc:datafield tag="260" ind1=" " ind2=" "><marc:subfield code="a">[S.l.] :</marc:subfield><marc:subfield code="b">Henry Holt and Co. (BYR),</marc:subfield><marc:subfield code="c">2013.</marc:subfield></marc:datafield><marc:datafield tag="300" ind1=" " ind2=" "><marc:subfield code="a">1 online resource</marc:subfield></marc:datafield><marc:datafield tag="300" ind1=" " ind2=" "><marc:subfield code="a">448 p.</marc:subfield></marc:datafield><marc:datafield tag="490" ind1="0" ind2=" "><marc:subfield code="a">Shadow and Bone</marc:subfield></marc:datafield><marc:datafield tag="500" ind1=" " ind2=" "><marc:subfield code="a">Electronic book.</marc:subfield></marc:datafield><marc:datafield tag="520" ind1=" " ind2=" "><marc:subfield code="a">The Grishaverse will be coming to Netflix soon with  -- A  -- Shadow and Bone  -- Divergent “Bardugo crafts a first-rate adventure, a poignant romance, and an intriguing mystery!” —Rick Riordan, bestselling author of the Percy Jackson series</marc:subfield></marc:datafield><marc:datafield tag="533" ind1=" " ind2=" "><marc:subfield code="a">Electronic reproduction.</marc:subfield><marc:subfield code="b">[S.l.]</marc:subfield><marc:subfield code="c">Henry Holt and Co. (BYR)</marc:subfield><marc:subfield code="d">2013</marc:subfield><marc:subfield code="n">Available via World Wide Web.</marc:subfield></marc:datafield><marc:datafield tag="538" ind1=" " ind2=" "><marc:subfield code="a">Format: Adobe EPUB</marc:subfield></marc:datafield><marc:datafield tag="538" ind1=" " ind2=" "><marc:subfield code="a">Requires: cloudLibrary (file size: 4.3 MB)</marc:subfield></marc:datafield><marc:datafield tag="655" ind1=" " ind2="0"><marc:subfield code="a">Electronic books.</marc:subfield></marc:datafield><marc:datafield tag="710" ind1="2" ind2=" "><marc:subfield code="a">Cloud</marc:subfield></marc:datafield><marc:datafield tag="776" ind1="1" ind2=" "><marc:subfield code="z">9780805094602</marc:subfield></marc:datafield><marc:datafield tag="856" ind1="4" ind2="0"><marc:subfield code="3">cloudLibrary</marc:subfield><marc:subfield code="u">https://ebook.yourcloudlibrary.com/library/nypl-document_id-ehasb89</marc:subfield><marc:subfield code="x">libry</marc:subfield></marc:datafield><marc:datafield tag="856" ind1="4" ind2="2"><marc:subfield code="3">Cover Image</marc:subfield><marc:subfield code="u">https://images.yourcloudlibrary.com/delivery/img?type=DOCUMENTIMAGE&amp;documentID=ehasb89&amp;token=nobody</marc:subfield><marc:subfield code="x">libry</marc:subfield></marc:datafield><marc:datafield tag="856" ind1="4" ind2="2"><marc:subfield code="3">cloudLibrary Icon</marc:subfield><marc:subfield code="u">http://download.yourcloudlibrary.com/apps/icons/Cloud_Library_App_Icon_50x50.png</marc:subfield></marc:datafield><marc:datafield tag="956" ind1="4" ind2="2"><marc:subfield code="3">Whole product</marc:subfield><marc:subfield code="u">https://partner.yourcloudlibrary.com/Cirrus/library/libry/item/ehasb89</marc:subfield></marc:datafield></marc:record>></marc:collection>
